<?xml version="1.0" encoding="UTF-8"?><collection xmlns="http://www.loc.gov/MARC21/slim"><record><leader>00384nam--2200133-i-4500</leader><controlfield tag="001">000050259</controlfield><controlfield tag="002">20161230</controlfield><controlfield tag="005">20161230201048</controlfield><controlfield tag="008">060222s1000------------r-----000-0-eng-d</controlfield><datafield ind1=" " ind2=" " tag="080"><subfield code="a">681.142.001.2</subfield></datafield><datafield ind1=" " ind2=" " tag="100"><subfield code="a">Balashov,E.P</subfield></datafield><datafield ind1=" " ind2=" " tag="245"><subfield code="a">Proektirovanie magnitnyh elementov i ustroistv elektronnyh vychislitelnyh mashin</subfield></datafield><datafield ind1=" " ind2=" " tag="260"><subfield code="a">Moskva, Izd.Vysshaia Shkola, 1966. 344 S</subfield></datafield><datafield ind1=" " ind2=" " tag="852"><subfield code="a">25599</subfield></datafield></record></collection>